@misc{wf2-rsd-working-principles,
	title = {Innovative silicon sensors for future trackers - {Part} 2},
	url = {https://indico.cern.ch/event/915984/},
	author = {Cartiglia, Nicolo},
	month = jun,
	year = {2020},
}

@article{WF2-incident-particles-cenna,
title = {Weightfield2: A fast simulator for silicon and diamond solid state detector},
journal = {Nuclear Instruments and Methods in Physics Research Section A: Accelerators, Spectrometers, Detectors and Associated Equipment},
volume = {796},
pages = {149-153},
year = {2015},
note = {Proceedings of the 10th International Conference on Radiation Effects on Semiconductor Materials Detectors and Devices},
issn = {0168-9002},
doi = {https://doi.org/10.1016/j.nima.2015.04.015},
url = {https://www.sciencedirect.com/science/article/pii/S0168900215004842},
author = {Francesca Cenna and N. Cartiglia and M. Friedl and B. Kolbinger and H.F.-W. Sadrozinski and A. Seiden and Andriy Zatserklyaniy and Anton Zatserklyaniy},
keywords = {Silicon, Detector, Simulator, Avalanche mechanism}
}

@article{giacomini-lgad,
	title = {Fabrication of {Silicon} {Sensors} {Based} on {Low}-{Gain} {Avalanche} {Diodes}},
	volume = {9},
	issn = {2296-424X},
	url = {https://www.frontiersin.org/articles/10.3389/fphy.2021.618621},
	urldate = {2023-02-18},
	journal = {Frontiers in Physics},
	author = {Giacomini, Gabriele},
	year = {2021}
}

@article{ferrero-radiation-hardness,
	title = {Radiation resistant LGAD design},
	journal = {Nuclear Instruments and Methods in Physics Research Section A: Accelerators, Spectrometers, Detectors and Associated Equipment},
	volume = {919},
	pages = {16-26},
	year = {2019},
	issn = {0168-9002},
	doi = {https://doi.org/10.1016/j.nima.2018.11.121},
	url = {https://www.sciencedirect.com/science/article/pii/S0168900218317741},
	author = {M. Ferrero and R. Arcidiacono and M. Barozzi and M. Boscardin and N. Cartiglia and G.F. Dalla Betta and Z. Galloway and M. Mandurrino and S. Mazza and G. Paternoster and F. Ficorella and L. Pancheri and H-F W. Sadrozinski and F. Siviero and V. Sola and A. Staiano and A. Seiden and M. Tornago and Y. Zhao},
	keywords = {Silicon, Timing, LGAD, Acceptor removal}
}

@article{jin-sensor-variation,
	title = {Experimental Study of Acceptor Removal in UFSD},
	journal = {Nuclear Instruments and Methods in Physics Research Section A: Accelerators, Spectrometers, Detectors and Associated Equipment},
	volume = {983},
	pages = {164611},
	year = {2020},
	issn = {0168-9002},
	doi = {https://doi.org/10.1016/j.nima.2020.164611},
	url = {https://www.sciencedirect.com/science/article/pii/S0168900220310081},
	author = {Y. Jin and H. Ren and S. Christie and Z. Galloway and C. Gee and C. Labitan and M. Lockerby and F. Martinez-McKinney and S.M. Mazza and R. Padilla and H.F.-W. Sadrozinski and B. Schumm and A. Seiden and M. Wilder and W. Wyatt and Y. Zhao and R. Arcidiacono and N. Cartiglia and M. Ferrero and M. Mandurrino and F. Siviero and V. Sola and M. Tornago and V. Cindro and A. Howard and G. Kramberger and I. Mandić and M. Mikuž},
	keywords = {Ultra-Fast Silicon Detectors, Low-gain Avalanche Detectors, Radiation damage, Acceptor Removal, Correlation C–V and charge collection}
}

@article{Tornago2021,
	doi = {10.1016/j.nima.2021.165319},
	url = {https://doi.org/10.1016%2Fj.nima.2021.165319},
	year = {2021},
	month = {jul},
	publisher = {Elsevier BV},
	volume = {1003},
	pages = {165319},
	author = {M. Tornago and R. Arcidiacono and N. Cartiglia and M. Costa and M. Ferrero and M. Mandurrino and F. Siviero and V. Sola and A. Staiano and A. Apresyan and K. Di Petrillo and R. Heller and S. Los and G. Borghi and M. Boscardin and G.-F. Dalla Betta and F. Ficorella and L. Pancheri and G. Paternoster and H. Sadrozinski and A. Seiden},
	title = {Resistive AC-Coupled Silicon Detectors: Principles of operation and first results from a combined analysis of beam test and laser data},
	journal = {Nuclear Instruments and Methods in Physics Research Section A: Accelerators, Spectrometers, Detectors and Associated Equipment}
}

@article{jadhav-sensor-variation,
	doi = {10.1088/1748-0221/16/06/P06008},
	url = {https://dx.doi.org/10.1088/1748-0221/16/06/P06008},
	year = {2021},
	month = {jun},
	publisher = {IOP Publishing},
	volume = {16},
	number = {06},
	pages = {P06008},
	author = {M. Jadhav and W. Armstrong and I. Cloet and S. Joosten and S.M. Mazza and J. Metcalfe and Z.-E. Meziani and H.F.-W. Sadrozinski and B. Schumm and A. Seiden},
	title = {Picosecond timing resolution measurements of low gain avalanche detectors with a 120 GeV proton beam for the TOPSiDE detector concept},
	journal = {Journal of Instrumentation}
}

@article{arcidiacono-irradiation,
	title = {State-of-the-art and evolution of UFSD sensors design at FBK},
	journal = {Nuclear Instruments and Methods in Physics Research Section A: Accelerators, Spectrometers, Detectors and Associated Equipment},
	volume = {978},
	pages = {164375},
	year = {2020},
	issn = {0168-9002},
	doi = {https://doi.org/10.1016/j.nima.2020.164375},
	url = {https://www.sciencedirect.com/science/article/pii/S0168900220307725},
	author = {R. Arcidiacono and G. Borghi and M. Boscardin and N. Cartiglia and M. Costa and G.F. {Dalla Betta} and F. Fausti and M. Ferrero and F. Ficorella and M. Mandurrino and S.M. Mazza and E.J. Olave and L. Pancheri and G. Paternoster and H.-F.W. Sadrozinski and V. Sola and A. Staiano and A. Seiden and F. Siviero and M. Tornago and Y. Zhao},
	keywords = {Silicon sensor, Fast timing, Low gain, Charge multiplication, LGAD}
}

@article{moll-acceptor-removal,
    author = "Moll, Michael",
    title = "{Acceptor removal - Displacement damage effects involving the shallow acceptor doping of p-type silicon devices}",
    journal = "PoS",
    volume = "Vertex2019",
    pages = "027",
    year = "2020",
    url = "https://cds.cern.ch/record/2747752",
    doi = "10.22323/1.373.0027",
}